<?xml version="1.0" encoding="UTF-8"?><collection xmlns="http://www.loc.gov/MARC21/slim"><record><leader>00491nam--2200181-u-4500</leader><controlfield tag="001">000051835</controlfield><controlfield tag="002">20161230</controlfield><controlfield tag="005">20161230201049</controlfield><controlfield tag="008">081103s1000------------r-----000-0-eng-d</controlfield><datafield ind1=" " ind2=" " tag="040"><subfield code="a">IFIN-HH</subfield></datafield><datafield ind1=" " ind2=" " tag="080"><subfield code="a">514.764.2</subfield></datafield><datafield ind1="1" ind2=" " tag="100"><subfield code="a">Abikof,U</subfield></datafield><datafield ind1="1" ind2="0" tag="245"><subfield code="a">Veshchestvenno Analiticheskaya Teoriya Prostranstva Teikhmyullera</subfield></datafield><datafield ind1=" " ind2=" " tag="260"><subfield code="a">Moskva</subfield><subfield code="b">Mir</subfield><subfield code="c">1985</subfield></datafield><datafield ind1=" " ind2=" " tag="300"><subfield code="a">119 p</subfield></datafield><datafield ind1=" " ind2=" " tag="490"><subfield code="a">Matematika. Novoe v Zarubezhnoi Nauke</subfield><subfield code="v">vol.38</subfield></datafield><datafield ind1=" " ind2=" " tag="852"><subfield code="a">46112</subfield><subfield code="c">517.9</subfield></datafield><datafield ind1=" " ind2=" " tag="CAT"><subfield code="a">Sys</subfield><subfield code="c">20081103</subfield><subfield code="h">134500</subfield></datafield></record></collection>